@book{nodejs,
	title        = {Node.js v17.3.0 Documentation},
	year         = 2022,
	publisher    = {OpenJS Foundation},
	url          = {https://nodejs.org/docs/v17.3.0/api}
}
@book{python,
	title        = {Python 3.9.9 Documentation},
	year         = 2022,
	publisher    = {Python Software Foundation},
	url          = {https://docs.python.org/3.9}
}
@book{mongodb,
	title        = {The MongoDB 5.1 Manual},
	year         = 2022,
	publisher    = {MongoDB Inc},
	url          = {https://docs.mongodb.com/v5.1}
}
@book{postgresql,
	title        = {PostgreSQL 13.5 Documentation},
	year         = 2022,
	publisher    = {The PostgreSQL Global Development Group},
	url          = {https://www.postgresql.org/docs/13}
}
@book{mosquitto,
	title        = {Mosquitto Documentation},
	year         = 2022,
	publisher    = {Eclipse Foundation},
	url          = {https://mosquitto.org/documentation}
}
@book{node-red,
	title        = {Node-RED Documentation},
	year         = 2022,
	publisher    = {OpenJS Foundation},
	url          = {https://nodered.org/docs}
}
@book{geoserver,
	title        = {GeoServer Documentation},
	year         = 2022,
	publisher    = {Open Source Geospatial Foundation},
	url          = {https://docs.geoserver.org}
}
@book{docker,
	title        = {Docker Reference Documentation},
	year         = 2022,
	publisher    = {Docker Inc},
	url          = {https://docs.docker.com/reference}
}
@book{express,
	title        = {Express 4.x API Reference},
	year         = 2022,
	publisher    = {OpenJS Foundation},
	url          = {https://expressjs.com/en/4x/api}
}
@book{mongoose,
	title        = {Mongoose v6.1.1 API Docs},
	year         = 2022,
	publisher    = {Automattic},
	url          = {https://mongoosejs.com/docs/api}
}
@book{arquitectura-sistemas,
	title        = {Arquitectura de Sistemas},
	author       = {Óscar Ribeiro and Bruno Lima},
	year         = 2022,
	publisher    = {Instituto Politécnico do Cávado e do Ave}
}
